<?xml version="1.0" encoding="UTF-8"?><collection xmlns="http://www.loc.gov/MARC21/slim"><record><leader>00376nam--2200121-i-4500</leader><controlfield tag="001">000044003</controlfield><controlfield tag="002">20161230</controlfield><controlfield tag="005">20161230201044</controlfield><controlfield tag="008">060222s1000------------r-----000-0-eng-d</controlfield><datafield ind1=" " ind2=" " tag="080"><subfield code="a">53.001.1</subfield></datafield><datafield ind1=" " ind2=" " tag="245"><subfield code="a">Tematica si sistemul de valorificare a unor cercetari prioritare in domeniul fizicii pe perioada 1968-1970. (proiect)</subfield></datafield><datafield ind1=" " ind2=" " tag="260"><subfield code="a">Bucuresti, C.N.C.S., 1968, 9p</subfield></datafield><datafield ind1=" " ind2=" " tag="852"><subfield code="a">37622</subfield></datafield></record></collection>